@ARTICLE{Zhang04,
   author = {{Zhang}, P. and {Pen}, U.-L. and {Trac}, H.},
    title = "{Precision era of the kinetic Sunyaev-Zel'dovich effect: simulations, analytical models and observations and the power to constrain reionization}",
  journal = {\mnras},
   eprint = {astro-ph/0304534},
 keywords = {intergalactic medium, cosmic microwave background, cosmology: miscellaneous, cosmology: theory, large-scale structure of Universe},
     year = 2004,
    month = feb,
   volume = 347,
    pages = {1224-1233},
      doi = {10.1111/j.1365-2966.2004.07298.x},
   adsurl = {http://adsabs.harvard.edu/abs/2004MNRAS.347.1224Z},
  adsnote = {Provided by the SAO/NASA Astrophysics Data System}
}

@ARTICLE{McQuinn05,
   author = {{McQuinn}, M. and {Furlanetto}, S.~R. and {Hernquist}, L. and 
    {Zahn}, O. and {Zaldarriaga}, M.},
    title = "{The Kinetic Sunyaev-Zel'dovich Effect from Reionization}",
  journal = {\apj},
   eprint = {astro-ph/0504189},
 keywords = {Cosmology: Cosmic Microwave Background, Cosmology: Theory, Galaxies: Intergalactic Medium},
     year = 2005,
    month = sep,
   volume = 630,
    pages = {643-656},
      doi = {10.1086/432049},
   adsurl = {http://adsabs.harvard.edu/abs/2005ApJ...630..643M},
  adsnote = {Provided by the SAO/NASA Astrophysics Data System}
}



@ARTICLE{Zahn12,
   author = {{Zahn}, O. and {Reichardt}, C.~L. and {Shaw}, L. and {Lidz}, A. and 
    {Aird}, K.~A. and {Benson}, B.~A. and {Bleem}, L.~E. and {Carlstrom}, J.~E. and 
    {Chang}, C.~L. and {Cho}, H.~M. and {Crawford}, T.~M. and {Crites}, A.~T. and 
    {de Haan}, T. and {Dobbs}, M.~A. and {Dor{\'e}}, O. and {Dudley}, J. and 
    {George}, E.~M. and {Halverson}, N.~W. and {Holder}, G.~P. and 
    {Holzapfel}, W.~L. and {Hoover}, S. and {Hou}, Z. and {Hrubes}, J.~D. and 
    {Joy}, M. and {Keisler}, R. and {Knox}, L. and {Lee}, A.~T. and 
    {Leitch}, E.~M. and {Lueker}, M. and {Luong-Van}, D. and {McMahon}, J.~J. and 
    {Mehl}, J. and {Meyer}, S.~S. and {Millea}, M. and {Mohr}, J.~J. and 
    {Montroy}, T.~E. and {Natoli}, T. and {Padin}, S. and {Plagge}, T. and 
    {Pryke}, C. and {Ruhl}, J.~E. and {Schaffer}, K.~K. and {Shirokoff}, E. and 
    {Spieler}, H.~G. and {Staniszewski}, Z. and {Stark}, A.~A. and 
    {Story}, K. and {van Engelen}, A. and {Vanderlinde}, K. and 
    {Vieira}, J.~D. and {Williamson}, R.},
    title = "{Cosmic Microwave Background Constraints on the Duration and Timing of Reionization from the South Pole Telescope}",
  journal = {\apj},
archivePrefix = "arXiv",
   eprint = {1111.6386},
 keywords = {cosmology: theory, intergalactic medium, large-scale structure of universe},
     year = 2012,
    month = sep,
   volume = 756,
      eid = {65},
    pages = {65},
      doi = {10.1088/0004-637X/756/1/65},
   adsurl = {http://adsabs.harvard.edu/abs/2012ApJ...756...65Z},
  adsnote = {Provided by the SAO/NASA Astrophysics Data System}
}

@ARTICLE{pen1999,
   author = {{Pen}, U.-L.},
    title = "{Heating of the Intergalactic Medium}",
  journal = {\apjl},
   eprint = {astro-ph/9811045},
 keywords = {COSMOLOGY: THEORY, COSMOLOGY: DIFFUSE RADIATION, STARS: SUPERNOVAE: GENERAL, X-RAYS: GENERAL, Cosmology: Theory, Cosmology: Diffuse Radiation, Stars: Supernovae: General, X-Rays: General},
     year = 1999,
    month = jan,
   volume = 510,
    pages = {L1-L5},
      doi = {10.1086/311799},
   adsurl = {http://adsabs.harvard.edu/abs/1999ApJ...510L...1P},
  adsnote = {Provided by the SAO/NASA Astrophysics Data System}
}

%CAMB (http://camb.info)

@Article{CAMB,
     author    = "Lewis, Antony and Challinor, Anthony and Lasenby, Anthony",
     title     = "Efficient Computation of {CMB} anisotropies in closed {FRW}
                  models",
     journal   = "Astrophys. J.",
     volume    = "538",
     year      = "2000",
     pages     = "473-476",
     eprint    = "astro-ph/9911177",

     SLACcitation  = "%%CITATION = ASTRO-PH 9911177;%%"
}

@ARTICLE{Planck2015,
   author = {{Planck Collaboration} and {Adam}, R. and {Ade}, P.~A.~R. and 
    {Aghanim}, N. and {Arnaud}, M. and {Ashdown}, M. and {Aumont}, J. and 
    {Baccigalupi}, C. and {Banday}, A.~J. and {Barreiro}, R.~B. and et al.},
    title = "{Planck 2015 results. VIII. High Frequency Instrument data processing: Calibration and maps}",
  journal = {ArXiv e-prints},
archivePrefix = "arXiv",
   eprint = {1502.01587},
 keywords = {Astrophysics - Cosmology and Nongalactic Astrophysics, Astrophysics - Instrumentation and Methods for Astrophysics},
     year = 2015,
    month = feb,
   adsurl = {http://adsabs.harvard.edu/abs/2015arXiv150201587P},
  adsnote = {Provided by the SAO/NASA Astrophysics Data System}
}


@misc{HIRAX,
author = {},
title = {},
howpublished = {http://www.acru.ukzn.ac.za/~hirax/}
}


@ARTICLE{Masui13,
   author = {{Masui}, K.~W. and {Switzer}, E.~R. and {Banavar}, N. and
{Bandura}, K. and 
	{Blake}, C. and {Calin}, L.-M. and {Chang}, T.-C. and {Chen}, X.
and 
	{Li}, Y.-C. and {Liao}, Y.-W. and {Natarajan}, A. and {Pen}, U.-L.
and 
	{Peterson}, J.~B. and {Shaw}, J.~R. and {Voytek}, T.~C.},
    title = "{Measurement of 21 cm Brightness Fluctuations at z \~{}
0.8 in Cross-correlation}",
  journal = {\apjl},
archivePrefix = "arXiv",
   eprint = {1208.0331},
 primaryClass = "astro-ph.CO",
 keywords = {galaxies: evolution, large-scale structure of universe,
radio lines: galaxies},
     year = 2013,
    month = jan,
   volume = 763,
      eid = {L20},
    pages = {L20},
      doi = {10.1088/2041-8205/763/1/L20},
   adsurl = {http://adsabs.harvard.edu/abs/2013ApJ...763L..20M},
  adsnote = {Provided by the SAO/NASA Astrophysics Data System}
}


@ARTICLE{Switzer15,
   author = {{Switzer}, E.~R. and {Chang}, T.-C. and {Masui}, K.~W.
and {Pen}, U.-L. and 
	{Voytek}, T.~C.},
    title = "{Interpreting the Unresolved Intensity of Cosmologically
Redshifted Line Radiation}",
  journal = {\apj},
archivePrefix = "arXiv",
   eprint = {1504.07527},
 keywords = {diffuse radiation, large-scale structure of universe,
methods: data analysis, methods: statistical},
     year = 2015,
    month = dec,
   volume = 815,
      eid = {51},
    pages = {51},
      doi = {10.1088/0004-637X/815/1/51},
   adsurl = {http://adsabs.harvard.edu/abs/2015ApJ...815...51S},
  adsnote = {Provided by the SAO/NASA Astrophysics Data System}
}


@ARTICLE{DiMatteo04,
   author = {{Di Matteo}, T. and {Ciardi}, B. and {Miniati}, F.},
    title = "{The 21-cm emission from the reionization epoch: extended
and point source foregrounds}",
  journal = {\mnras},
   eprint = {astro-ph/0402322},
 keywords = {galaxies: active, intergalactic medium, cosmology:
theory, diffuse radiation, radio continuum: general},
     year = 2004,
    month = dec,
   volume = 355,
    pages = {1053-1065},
      doi = {10.1111/j.1365-2966.2004.08443.x},
   adsurl = {http://adsabs.harvard.edu/abs/2004MNRAS.355.1053D},
  adsnote = {Provided by the SAO/NASA Astrophysics Data System}
}

@ARTICLE{2013ApJ...763L..20M,
author = {{Masui}, K.~W. and {Switzer}, E.~R. and {Banavar}, N. and {Bandura}, K. and
{Blake}, C. and {Calin}, L.-M. and {Chang}, T.-C. and {Chen}, X. and
{Li}, Y.-C. and {Liao}, Y.-W. and {Natarajan}, A. and {Pen}, U.-L. and
{Peterson}, J.~B. and {Shaw}, J.~R. and {Voytek}, T.~C.},
title = "{Measurement of 21 cm Brightness Fluctuations at z \~{} 0.8 in Cross-correlation}",
journal = {\apjl},
archivePrefix = "arXiv",
eprint = {1208.0331},
primaryClass = "astro-ph.CO",
keywords = {galaxies: evolution, large-scale structure of universe, radio lines: galaxies},
year = 2013,
month = jan,
volume = 763,
eid = {L20},
pages = {L20},
doi = {10.1088/2041-8205/763/1/L20},
adsurl = {http://adsabs.harvard.edu/abs/2013ApJ...763L..20M},
adsnote = {Provided by the SAO/NASA Astrophysics Data System}
}
@ARTICLE{2012IJMPS..12..256C,
author = {{Chen}, X.},
title = "{The Tianlai Project: a 21CM Cosmology Experiment}",
journal = {International Journal of Modern Physics Conference Series},
archivePrefix = "arXiv",
eprint = {1212.6278},
primaryClass = "astro-ph.IM",
keywords = {21cm, dark energy, baryon acoustic oscillation},
year = 2012,
month = mar,
volume = 12,
pages = {256-263},
doi = {10.1142/S2010194512006459},
adsurl = {http://adsabs.harvard.edu/abs/2012IJMPS..12..256C},
adsnote = {Provided by the SAO/NASA Astrophysics Data System}
}

@ARTICLE{2015ApJ...798...40X,
author = {{Xu}, Y. and {Wang}, X. and {Chen}, X.},
title = "{Forecasts on the Dark Energy and Primordial Non-Gaussianity Observations with the Tianlai Cylinder Array}",
journal = {\apj},
archivePrefix = "arXiv",
eprint = {1410.7794},
keywords = {cosmological parameters, large-scale structure of universe},
year = 2015,
month = jan,
volume = 798,
eid = {40},
pages = {40},
doi = {10.1088/0004-637X/798/1/40},
adsurl = {http://adsabs.harvard.edu/abs/2015ApJ...798...40X},
adsnote = {Provided by the SAO/NASA Astrophysics Data System}
}

@INPROCEEDINGS{2014SPIE.9145E..22B,
author = {{Bandura}, K. and {Addison}, G.~E. and {Amiri}, M. and {Bond}, J.~R. and
{Campbell-Wilson}, D. and {Connor}, L. and {Cliche}, J.-F. and
{Davis}, G. and {Deng}, M. and {Denman}, N. and {Dobbs}, M. and
{Fandino}, M. and {Gibbs}, K. and {Gilbert}, A. and {Halpern}, M. and
{Hanna}, D. and {Hincks}, A.~D. and {Hinshaw}, G. and {H{\"o}fer}, C. and
{Klages}, P. and {Landecker}, T.~L. and {Masui}, K. and {Mena Parra}, J. and
{Newburgh}, L.~B. and {Pen}, U.-l. and {Peterson}, J.~B. and
{Recnik}, A. and {Shaw}, J.~R. and {Sigurdson}, K. and {Sitwell}, M. and
{Smecher}, G. and {Smegal}, R. and {Vanderlinde}, K. and {Wiebe}, D.
},
title = "{Canadian Hydrogen Intensity Mapping Experiment (CHIME) pathfinder}",
booktitle = {Society of Photo-Optical Instrumentation Engineers (SPIE) Conference Series},
year = 2014,
series = {Society of Photo-Optical Instrumentation Engineers (SPIE) Conference Series},
volume = 9145,
archivePrefix = "arXiv",
eprint = {1406.2288},
primaryClass = "astro-ph.IM",
month = jul,
eid = {914522},
pages = {22},
doi = {10.1117/12.2054950},
adsurl = {http://adsabs.harvard.edu/abs/2014SPIE.9145E..22B},
adsnote = {Provided by the SAO/NASA Astrophysics Data System}
}

@INPROCEEDINGS{2014SPIE.9145E..4VN,
author = {{Newburgh}, L.~B. and {Addison}, G.~E. and {Amiri}, M. and {Bandura}, K. and
{Bond}, J.~R. and {Connor}, L. and {Cliche}, J.-F. and {Davis}, G. and
{Deng}, M. and {Denman}, N. and {Dobbs}, M. and {Fandino}, M. and
{Fong}, H. and {Gibbs}, K. and {Gilbert}, A. and {Griffin}, E. and
{Halpern}, M. and {Hanna}, D. and {Hincks}, A.~D. and {Hinshaw}, G. and
{H{\"o}fer}, C. and {Klages}, P. and {Landecker}, T. and {Masui}, K. and
{Parra}, J.~M. and {Pen}, U.-L. and {Peterson}, J. and {Recnik}, A. and
{Shaw}, J.~R. and {Sigurdson}, K. and {Sitwell}, M. and {Smecher}, G. and
{Smegal}, R. and {Vanderlinde}, K. and {Wiebe}, D.},
title = "{Calibrating CHIME: a new radio interferometer to probe dark energy}",
booktitle = {Society of Photo-Optical Instrumentation Engineers (SPIE) Conference Series},
year = 2014,
series = {Society of Photo-Optical Instrumentation Engineers (SPIE) Conference Series},
volume = 9145,
archivePrefix = "arXiv",
eprint = {1406.2267},
primaryClass = "astro-ph.IM",
month = jul,
eid = {91454V},
pages = {91454V},
doi = {10.1117/12.2056962},
adsurl = {http://adsabs.harvard.edu/abs/2014SPIE.9145E..4VN},
adsnote = {Provided by the SAO/NASA Astrophysics Data System}
}
@ARTICLE{Switzer13,
author = {{Switzer}, E.~R. and {Masui}, K.~W. and {Bandura}, K. and {Calin}, L.-M. and
{Chang}, T.-C. and {Chen}, X.-L. and {Li}, Y.-C. and {Liao}, Y.-W. and
{Natarajan}, A. and {Pen}, U.-L. and {Peterson}, J.~B. and {Shaw}, J.~R. and
{Voytek}, T.~C.},
title = "{Determination of z {\tilde} 0.8 neutral hydrogen fluctuations using the 21 cm intensity mapping autocorrelation}",
journal = {\mnras},
archivePrefix = "arXiv",
eprint = {1304.3712},
primaryClass = "astro-ph.CO",
keywords = {galaxies: evolution, large-scale structure of universe, radio lines: galaxies},
year = 2013,
month = jul,
volume = 434,
pages = {L46-L50},
doi = {10.1093/mnrasl/slt074},
adsurl = {http://adsabs.harvard.edu/abs/2013MNRAS.434L..46S},
adsnote = {Provided by the SAO/NASA Astrophysics Data System}
}

@ARTICLE{2013:code,
author = {{Harnois-D{\'e}raps}, J. and {Pen}, U.-L. and {Iliev}, I.~T. and
{Merz}, H. and {Emberson}, J.~D. and {Desjacques}, V.},
title = "{High-performance P$^{3}$M N-body code: CUBEP$^{3}$M}",
journal = {\mnras},
archivePrefix = "arXiv",
eprint = {1208.5098},
keywords = {Dark matter, large-scale structure of Universe},
year = 2013,
month = nov,
volume = 436,
pages = {540-559},
doi = {10.1093/mnras/stt1591},
adsurl = {http://adsabs.harvard.edu/abs/2013MNRAS.436..540H},
adsnote = {Provided by the SAO/NASA Astrophysics Data System}
}


@ARTICLE{2015:zhu,
   author = {{Zhu}, H.-M. and {Pen}, U.-L. and {Yu}, Y. and {Er}, X. and 
	{Chen}, X.},
    title = "{Cosmic Tidal Reconstruction}",
  journal = {ArXiv e-prints},
archivePrefix = "arXiv",
   eprint = {1511.04680},
 keywords = {Astrophysics - Cosmology and Nongalactic Astrophysics},
     year = 2015,
    month = nov,
   adsurl = {http://adsabs.harvard.edu/abs/2015arXiv151104680Z},
  adsnote = {Provided by the SAO/NASA Astrophysics Data System}
}


@ARTICLE{2012:pen,
   author = {{Pen}, U.-L. and {Sheth}, R. and {Harnois-Deraps}, J. and {Chen}, X. and 
	{Li}, Z.},
    title = "{Cosmic Tides}",
  journal = {ArXiv e-prints},
archivePrefix = "arXiv",
   eprint = {1202.5804},
 primaryClass = "astro-ph.CO",
 keywords = {Astrophysics - Cosmology and Extragalactic Astrophysics},
     year = 2012,
    month = feb,
   adsurl = {http://adsabs.harvard.edu/abs/2012arXiv1202.5804P},
  adsnote = {Provided by the SAO/NASA Astrophysics Data System}
}


@ARTICLE{Hill16,
   author = {{Hill}, J.~C. and {Ferraro}, S. and {Battaglia}, N. and {Liu}, J. and 
	{Spergel}, D.~N.},
    title = "{The Kinematic Sunyaev-Zel'dovich Effect with Projected Fields: A Novel Probe of the Baryon Distribution with Planck, WMAP, and WISE Data}",
  journal = {ArXiv e-prints},
archivePrefix = "arXiv",
   eprint = {1603.01608},
 keywords = {Astrophysics - Cosmology and Nongalactic Astrophysics},
     year = 2016,
    month = mar,
   adsurl = {http://adsabs.harvard.edu/abs/2016arXiv160301608H},
  adsnote = {Provided by the SAO/NASA Astrophysics Data System}
}


@ARTICLE{Li14,
   author = {{Li}, M. and {Angulo}, R.~E. and {White}, S.~D.~M. and {Jasche}, J.
	},
    title = "{Matched filter optimization of kSZ measurements with a reconstructed cosmological flow field}",
  journal = {\mnras},
archivePrefix = "arXiv",
   eprint = {1404.0007},
 keywords = {methods: statistical, cosmic background radiation, cosmology: theory, large-scale structure of Universe},
     year = 2014,
    month = sep,
   volume = 443,
    pages = {2311-2326},
      doi = {10.1093/mnras/stu1224},
   adsurl = {http://adsabs.harvard.edu/abs/2014MNRAS.443.2311L},
  adsnote = {Provided by the SAO/NASA Astrophysics Data System}
}


@ARTICLE{Shao11,
   author = {{Shao}, J. and {Zhang}, P. and {Lin}, W. and {Jing}, Y. and 
	{Pan}, J.},
    title = "{Kinetic Sunyaev-Zel'dovich tomography with spectroscopic redshift surveys}",
  journal = {\mnras},
archivePrefix = "arXiv",
   eprint = {1004.1301},
 keywords = {cosmic background radiation, cosmology: observations, large-scale structure of Universe},
     year = 2011,
    month = may,
   volume = 413,
    pages = {628-642},
      doi = {10.1111/j.1365-2966.2011.18166.x},
   adsurl = {http://adsabs.harvard.edu/abs/2011MNRAS.413..628S},
  adsnote = {Provided by the SAO/NASA Astrophysics Data System}
}


@ARTICLE{Hand12,
   author = {{Hand}, N. and {Addison}, G.~E. and {Aubourg}, E. and {Battaglia}, N. and 
	{Battistelli}, E.~S. and {Bizyaev}, D. and {Bond}, J.~R. and 
	{Brewington}, H. and {Brinkmann}, J. and {Brown}, B.~R. and 
	{Das}, S. and {Dawson}, K.~S. and {Devlin}, M.~J. and {Dunkley}, J. and 
	{Dunner}, R. and {Eisenstein}, D.~J. and {Fowler}, J.~W. and 
	{Gralla}, M.~B. and {Hajian}, A. and {Halpern}, M. and {Hilton}, M. and 
	{Hincks}, A.~D. and {Hlozek}, R. and {Hughes}, J.~P. and {Infante}, L. and 
	{Irwin}, K.~D. and {Kosowsky}, A. and {Lin}, Y.-T. and {Malanushenko}, E. and 
	{Malanushenko}, V. and {Marriage}, T.~A. and {Marsden}, D. and 
	{Menanteau}, F. and {Moodley}, K. and {Niemack}, M.~D. and {Nolta}, M.~R. and 
	{Oravetz}, D. and {Page}, L.~A. and {Palanque-Delabrouille}, N. and 
	{Pan}, K. and {Reese}, E.~D. and {Schlegel}, D.~J. and {Schneider}, D.~P. and 
	{Sehgal}, N. and {Shelden}, A. and {Sievers}, J. and {Sif{\'o}n}, C. and 
	{Simmons}, A. and {Snedden}, S. and {Spergel}, D.~N. and {Staggs}, S.~T. and 
	{Swetz}, D.~S. and {Switzer}, E.~R. and {Trac}, H. and {Weaver}, B.~A. and 
	{Wollack}, E.~J. and {Yeche}, C. and {Zunckel}, C.},
    title = "{Evidence of Galaxy Cluster Motions with the Kinematic Sunyaev-Zel'dovich Effect}",
  journal = {Physical Review Letters},
archivePrefix = "arXiv",
   eprint = {1203.4219},
 keywords = {Observational cosmology, Distances redshifts radial velocities, spatial distribution of galaxies, Galaxy clusters, Background radiations},
     year = 2012,
    month = jul,
   volume = 109,
   number = 4,
      eid = {041101},
    pages = {041101},
      doi = {10.1103/PhysRevLett.109.041101},
   adsurl = {http://adsabs.harvard.edu/abs/2012PhRvL.109d1101H},
  adsnote = {Provided by the SAO/NASA Astrophysics Data System}
}


@ARTICLE{Sunyaev80,
   author = {{Sunyaev}, R.~A. and {Zeldovich}, I.~B.},
    title = "{The velocity of clusters of galaxies relative to the microwave background - The possibility of its measurement}",
  journal = {\mnras},
 keywords = {Background Radiation, Galactic Clusters, Microwave Emission, Polarized Radiation, Velocity Measurement, Background Noise, Cosmic Gases, Cosmology},
     year = 1980,
    month = feb,
   volume = 190,
    pages = {413-420},
      doi = {10.1093/mnras/190.3.413},
   adsurl = {http://adsabs.harvard.edu/abs/1980MNRAS.190..413S},
  adsnote = {Provided by the SAO/NASA Astrophysics Data System}
}

@ARTICLE{Sunyaev72,
   author = {{Sunyaev}, R.~A. and {Zeldovich}, Y.~B.},
    title = "{The Observations of Relic Radiation as a Test of the Nature of X-Ray Radiation from the Clusters of Galaxies}",
  journal = {Comments on Astrophysics and Space Physics},
 keywords = {Cosmology, Microwave Background Radiation, Clusters of Galaxies, X-Ray Astronomy, Intergalactic Gas},
     year = 1972,
    month = nov,
   volume = 4,
    pages = {173},
   adsurl = {http://adsabs.harvard.edu/abs/1972CoASP...4..173S},
  adsnote = {Provided by the SAO/NASA Astrophysics Data System}
}

@ARTICLE{Vishniac87,
   author = {{Vishniac}, E.~T.},
    title = "{Reionization and small-scale fluctuations in the microwave background}",
  journal = {\apj},
 keywords = {Astronomical Models, Galactic Cosmic Rays, Galactic Evolution, Gas Ionization, Intergalactic Media, Relic Radiation, Cosmology, Dark Matter, Electron Scattering, Interstellar Matter},
     year = 1987,
    month = nov,
   volume = 322,
    pages = {597-604},
      doi = {10.1086/165755},
   adsurl = {http://adsabs.harvard.edu/abs/1987ApJ...322..597V},
  adsnote = {Provided by the SAO/NASA Astrophysics Data System}
}


@ARTICLE{Dave10,
   author = {{Dav{\'e}}, R. and {Oppenheimer}, B.~D. and {Katz}, N. and {Kollmeier}, J.~A. and 
	{Weinberg}, D.~H.},
    title = "{The intergalactic medium over the last 10 billion years - I. Ly{$\alpha$} absorption and physical conditions}",
  journal = {\mnras},
archivePrefix = "arXiv",
   eprint = {1005.2421},
 keywords = {methods: numerical, galaxies: formation, intergalactic medium, quasars: absorption lines, ultraviolet: general, large-scale structure of Universe},
     year = 2010,
    month = nov,
   volume = 408,
    pages = {2051-2070},
      doi = {10.1111/j.1365-2966.2010.17279.x},
   adsurl = {http://adsabs.harvard.edu/abs/2010MNRAS.408.2051D},
  adsnote = {Provided by the SAO/NASA Astrophysics Data System}
}


@ARTICLE{Werk14,
   author = {{Werk}, J.~K. and {Prochaska}, J.~X. and {Tumlinson}, J. and 
	{Peeples}, M.~S. and {Tripp}, T.~M. and {Fox}, A.~J. and {Lehner}, N. and 
	{Thom}, C. and {O'Meara}, J.~M. and {Ford}, A.~B. and {Bordoloi}, R. and 
	{Katz}, N. and {Tejos}, N. and {Oppenheimer}, B.~D. and {Dav{\'e}}, R. and 
	{Weinberg}, D.~H.},
    title = "{The COS-Halos Survey: Physical Conditions and Baryonic Mass in the Low-redshift Circumgalactic Medium}",
  journal = {\apj},
archivePrefix = "arXiv",
   eprint = {1403.0947},
 keywords = {galaxies: formation, galaxies: halos, intergalactic medium, quasars: absorption lines},
     year = 2014,
    month = sep,
   volume = 792,
      eid = {8},
    pages = {8},
      doi = {10.1088/0004-637X/792/1/8},
   adsurl = {http://adsabs.harvard.edu/abs/2014ApJ...792....8W},
  adsnote = {Provided by the SAO/NASA Astrophysics Data System}
}

@ARTICLE{Bregman07,
   author = {{Bregman}, J.~N.},
    title = "{The Search for the Missing Baryons at Low Redshift}",
  journal = {\araa},
archivePrefix = "arXiv",
   eprint = {0706.1787},
     year = 2007,
    month = sep,
   volume = 45,
    pages = {221-259},
      doi = {10.1146/annurev.astro.45.051806.110619},
   adsurl = {http://adsabs.harvard.edu/abs/2007ARA%26A..45..221B},
  adsnote = {Provided by the SAO/NASA Astrophysics Data System}
}


@ARTICLE{Fukugita04,
   author = {{Fukugita}, M. and {Peebles}, P.~J.~E.},
    title = "{The Cosmic Energy Inventory}",
  journal = {\apj},
   eprint = {astro-ph/0406095},
 keywords = {Cosmology: Miscellaneous},
     year = 2004,
    month = dec,
   volume = 616,
    pages = {643-668},
      doi = {10.1086/425155},
   adsurl = {http://adsabs.harvard.edu/abs/2004ApJ...616..643F},
  adsnote = {Provided by the SAO/NASA Astrophysics Data System}
}


@ARTICLE{Soltan06,
   author = {{So{\l}tan}, A.~M.},
    title = "{Warm-hot intergalactic medium contribution to baryonic matter}",
  journal = {\aap},
   eprint = {astro-ph/0604465},
 keywords = {X-rays: diffuse background, intergalactic medium, X-rays: galaxies},
     year = 2006,
    month = dec,
   volume = 460,
    pages = {59-66},
      doi = {10.1051/0004-6361:20065431},
   adsurl = {http://adsabs.harvard.edu/abs/2006A%26A...460...59S},
  adsnote = {Provided by the SAO/NASA Astrophysics Data System}
}


@ARTICLE{Cooke14,
   author = {{Cooke}, R.~J. and {Pettini}, M. and {Jorgenson}, R.~A. and 
	{Murphy}, M.~T. and {Steidel}, C.~C.},
    title = "{Precision Measures of the Primordial Abundance of Deuterium}",
  journal = {\apj},
archivePrefix = "arXiv",
   eprint = {1308.3240},
 keywords = {cosmology: observations, primordial nucleosynthesis, quasars: absorption lines},
     year = 2014,
    month = jan,
   volume = 781,
      eid = {31},
    pages = {31},
      doi = {10.1088/0004-637X/781/1/31},
   adsurl = {http://adsabs.harvard.edu/abs/2014ApJ...781...31C},
  adsnote = {Provided by the SAO/NASA Astrophysics Data System}
}

@ARTICLE{Fukugita98,
   author = {{Hinshaw}, G. and {Larson}, D. and {Komatsu}, E. and {Spergel}, D.~N. and 
	{Bennett}, C.~L. and {Dunkley}, J. and {Nolta}, M.~R. and {Halpern}, M. and 
	{Hill}, R.~S. and {Odegard}, N. and {Page}, L. and {Smith}, K.~M. and 
	{Weiland}, J.~L. and {Gold}, B. and {Jarosik}, N. and {Kogut}, A. and 
	{Limon}, M. and {Meyer}, S.~S. and {Tucker}, G.~S. and {Wollack}, E. and 
	{Wright}, E.~L.},
    title = "{Nine-year Wilkinson Microwave Anisotropy Probe (WMAP) Observations: Cosmological Parameter Results}",
  journal = {\apjs},
archivePrefix = "arXiv",
   eprint = {1212.5226},
 keywords = {cosmic background radiation, cosmology: observations, dark matter, early universe, instrumentation: detectors, space vehicles, space vehicles: instruments, telescopes },
     year = 2013,
    month = oct,
   volume = 208,
      eid = {19},
    pages = {19},
      doi = {10.1088/0067-0049/208/2/19},
   adsurl = {http://adsabs.harvard.edu/abs/2013ApJS..208...19H},
  adsnote = {Provided by the SAO/NASA Astrophysics Data System}
}


@ARTICLE{Hinshaw13,
   author = {{Hinshaw}, G. and {Larson}, D. and {Komatsu}, E. and {Spergel}, D.~N. and 
	{Bennett}, C.~L. and {Dunkley}, J. and {Nolta}, M.~R. and {Halpern}, M. and 
	{Hill}, R.~S. and {Odegard}, N. and {Page}, L. and {Smith}, K.~M. and 
	{Weiland}, J.~L. and {Gold}, B. and {Jarosik}, N. and {Kogut}, A. and 
	{Limon}, M. and {Meyer}, S.~S. and {Tucker}, G.~S. and {Wollack}, E. and 
	{Wright}, E.~L.},
    title = "{Nine-year Wilkinson Microwave Anisotropy Probe (WMAP) Observations: Cosmological Parameter Results}",
  journal = {\apjs},
archivePrefix = "arXiv",
   eprint = {1212.5226},
 keywords = {cosmic background radiation, cosmology: observations, dark matter, early universe, instrumentation: detectors, space vehicles, space vehicles: instruments, telescopes },
     year = 2013,
    month = oct,
   volume = 208,
      eid = {19},
    pages = {19},
      doi = {10.1088/0067-0049/208/2/19},
   adsurl = {http://adsabs.harvard.edu/abs/2013ApJS..208...19H},
  adsnote = {Provided by the SAO/NASA Astrophysics Data System}
}

@ARTICLE{Komatsu11,
   author = {{Komatsu}, E. and {Smith}, K.~M. and {Dunkley}, J. and {Bennett}, C.~L. and 
	{Gold}, B. and {Hinshaw}, G. and {Jarosik}, N. and {Larson}, D. and 
	{Nolta}, M.~R. and {Page}, L. and {Spergel}, D.~N. and {Halpern}, M. and 
	{Hill}, R.~S. and {Kogut}, A. and {Limon}, M. and {Meyer}, S.~S. and 
	{Odegard}, N. and {Tucker}, G.~S. and {Weiland}, J.~L. and {Wollack}, E. and 
	{Wright}, E.~L.},
    title = "{Seven-year Wilkinson Microwave Anisotropy Probe (WMAP) Observations: Cosmological Interpretation}",
  journal = {\apjs},
archivePrefix = "arXiv",
   eprint = {1001.4538},
 primaryClass = "astro-ph.CO",
 keywords = {cosmic background radiation, cosmology: observations, dark matter, early universe, space vehicles},
     year = 2011,
    month = feb,
   volume = 192,
      eid = {18},
    pages = {18},
      doi = {10.1088/0067-0049/192/2/18},
   adsurl = {http://adsabs.harvard.edu/abs/2011ApJS..192...18K},
  adsnote = {Provided by the SAO/NASA Astrophysics Data System}
}


